@article{mainpaper,
  title={{Radiance Cache Splatting: A GPU-Friendly Global Illumination Algorithm}},
  author={Bala, K. and Dutr{\'e}, P.},
  year={2008},
  publisher={Citeseer}
}

@conference{cook1984distributed,
  title={{Distributed ray tracing}},
  author={Cook, R.L. and Porter, T. and Carpenter, L.},
  booktitle={Proceedings of the 11th annual conference on Computer graphics and interactive techniques},
  pages={145},
  year={1984},
  organization={ACM}
}

@conference{ward1988ray,
  title={{A ray tracing solution for diffuse interreflection}},
  author={Ward, G.J. and Rubinstein, F.M. and Clear, R.D.},
  booktitle={Proceedings of the 15th annual conference on Computer graphics and interactive techniques},
  pages={92},
  year={1988},
  organization={ACM}
}

@conference{larsen2004simulating,
  title={{Simulating photon mapping for real-time applications}},
  author={Larsen, B.D. and Christensen, N.J.},
  booktitle={Eurographics symposium on rendering},
  pages={123--132},
  year={2004},
  organization={Citeseer}
}

@book{orangebook,
	title={{OpenGL Shading Languague}},
	author={Randi J. Rost},
	year={2006},
	publisher={Addison Wesley}
}